<?xml version="1.0" encoding="UTF-8"?><collection xmlns="http://www.loc.gov/MARC21/slim"><record><leader>00420nam--2200133-i-4500</leader><controlfield tag="001">000043689</controlfield><controlfield tag="002">20161230</controlfield><controlfield tag="005">20161230201044</controlfield><controlfield tag="008">060222s1000------------r-----000-0-eng-d</controlfield><datafield ind1=" " ind2=" " tag="080"><subfield code="a">002:001.89</subfield></datafield><datafield ind1=" " ind2=" " tag="100"><subfield code="a">Taraboi,Vasile</subfield></datafield><datafield ind1=" " ind2=" " tag="245"><subfield code="a">Organizarea, functionarea si activitatile sistemelor nationale de informare documentara in domeniile stiintific, tehnic si economic</subfield></datafield><datafield ind1=" " ind2=" " tag="260"><subfield code="a">Bucuresti, Idt, 1972. 90 P</subfield></datafield><datafield ind1=" " ind2=" " tag="852"><subfield code="a">36384</subfield></datafield></record></collection>